@electronic{wireshark,
	author = "The Wireshark Foundation,_",
	title = "Wireshark",
	url = "http://www.wireshark.org"
}

@electronic{tcpdumpwiki,
	author = " Wikimedia Foundation Inc,_",
	title = "tcpdump",
	url = "http://en.wikipedia.org/wiki/Tcpdump"
}

@electronic{arstech,
	author = "Gallagher, Sean",
	title = "Where've you been? Your Smartphone's Wi-Fi is telling everyone",
	year = "2014",
	url = "http://arstechnica.com/information-technology/2014/11/where-have-you-been-your-smartphones-wi-fi-is-telling-everyone/"
}

@electronic{wired,
	author = "Zetter, Kim",
	title = "How to detect sneaky NSA Quantum Insert Attacks",
	year = "2015",
	url = "https://www.wired.com/2015/04/researchers-uncover-method-detect-nsa-quantum-insert-hacks/"
}

@electronic{lifehacker,
	author = "Henry, Alan",
	title = "How to tap your network and see everything that happens on it",
	year = "2014",
	url = "http://lifehacker.com/how-to-tap-your-network-and-see-everything-that-happens-1649292940"
}

@electronic{pcapwiki,
	author = "Wikimedia Foundation Inc,_",
	title = "pcap",
	url = "http://en.wikipedia.org/wiki/Pcap"
}

@electronic{IANA,
	author = "Wikimedia Foundation Inc,_",
	title = "List of TCP and UDP port numbers",
	url = "https://en.wikipedia.org/wiki/List_of_TCP_and_UDP_port_numbers"
}

@electronic{libpcapfilters,
	author = "tcpdump.org",
	title = "PCAP-FILTER",
	year = "2015",
	url = "http://www.tcpdump.org/manpages/pcap-filter.7.html"
}

@electronic{capturefilters,
	author = "Wireshark.org",
	title = "CaptureFilters",
	url = "https://wiki.wireshark.org/CaptureFilters"
}

@electronic{displayFilters,
	author = "Wireshark.org",
	title = "DisplayFilters",
	url = "https://wiki.wireshark.org/DisplayFilters"
}

@electronic{sampleCaps,
	author = "Wireshark.org",
	title = "SampleCaptures",
	url = "https://wiki.wireshark.org/SampleCaptures"
}

@electronic{capture_options,
	author = "The Wireshark Foundation,_",
	title = "The Capture Options dialog box",
	url = "https://www.wireshark.org/docs/wsug_html_chunked/ChCapCaptureOptions.html"
}

@electronic{capture_filtering,
	author = "The Wireshark Foundation,_",
	title = "Filtering while capturing",
	url = "https://www.wireshark.org/docs/wsug_html_chunked/ChCapCaptureFilterSection.html"
}

@electronic{seed_lab_vm,
	author = "Wenliang, Du",
	title = "Lab Envrionment Setup",
	url = "http://www.cis.syr.edu/~wedu/seed/lab_env.html"
}