@misc
{
	NBNS2012Bojan,
	title	= {Windows Firewall Bypass Vulnerability using NetBIOS Name Spoofing},
	author	= { {Bojan Zdrnja} },
	day		= {08},
	month	= {May},
	year	= {2012},
	url		= { https://isc.sans.edu/diary/Windows+Firewall+Bypass+Vulnerability+and+NetBIOS+
	NS/13156}
	}
	
@misc
{
	CVEDetails2012CVE,
	title	= {Vulnerability Details : CVE-2012-2663},
	author	= { {CVE} },
	day		= {18},
	month	= {Feburary},
	year	= {2012},
	url		= {https://www.cvedetails.com/cve/CVE-2012-2663/}
}	

@misc
{
	Iptables2012DumGav,
	title	= {Re: `iptables -m tcp --syn` doesn't do what the man says},
	author	= { {Eric Dumazet, Artyom Gavrichenkov } },
	month	= {March},
	year	= {2012},
	url		= {http://www.spinics.net/lists/netfilter-devel/msg21248.html}
}

@misc
{
	Juniper2015Constantin,
	title	= {Juniper's VPN backdoor: buggy code with a dose of shady NSA crypto},
	author	= { {Lucian Constantin} },
	day		= {22},
	month	= {December},
	year	= {2015},
	url		= {http://www.pcworld.com/article/3017803/security/the-juniper-vpn-backdoor-buggy-code-with-a-dose-of-shady-nsa-crypto.html}
}

@misc
{
	Cisco2016Constantin,
	title	= {Critical VPN key exchange flaw exposes Cisco security appliances to remote hacking},
	author	= { {Lucian Constantin} },
	day		= {11},
	month	= {Feburary},
	year	= {2016},
	url		= {http://www.pcworld.com/article/3032497/critical-vpn-key-exchange-flaw-exposes-cisco-security-appliances-to-remote-hacking.html}
}

@misc
{
	Chall42011Natarajan,
	title	= {25 Most Frequently Linux IPtables Rules Examples},
	author	= { {Ramesh Natarajan} },
	day		= {14},
	month	= {June},
	year	= {2011},
	url		= {http://www.thegeekstuff.com/2011/06/iptables-rules-examples/}
}

@misc
{
	gufw42014Wiki,
	title	= {25 Most Frequently Linux IPtables Rules Examples},
	author	= { {Ubuntu Community Wiki} },
	day		= {27},
	month	= {July},
	year	= {2014},
	url		= {https://help.ubuntu.com/community/Gufw}
}

@misc
{
	iptables2015Wiki,
	title	= {IptablesHowTo},
	author	= { {Ubuntu Community Wiki} },
	day		= {19},
	month	= {August},
	year	= {2015},
	url		= {https://help.ubuntu.com/community/IptablesHowTo?action=show\&redirect=Iptables}
}

@misc
{
	Netsh2012Microsoft,
	title	= {How to use the "netsh advfirewall firewall" context instead of the "netsh firewall" context to control Windows Firewall behavior in Windows Server 2008 and in Windows Vista},
	author	= { {Microsoft} },
	day		= {07},
	month	= {March},
	year	= {2012},
	url		= {https://support.microsoft.com/en-us/kb/947709}
}

@misc
{
	NetshADV2012Microsoft,
	title	= {Netsh AdvFirewall Firewall Commands},
	author	= { {Microsoft} },
	day		= {06},
	month	= {August},
	year	= {2009},
	url		= {https://technet.microsoft.com/en-us/library/dd734783(v=ws.10).aspx}
}

@misc
{
	IPTablesBlockPingRequests,
	title	= {How can I block ping requests with IPTables?},
	author	= { {StackExchange, Ask Ubuntu} },
	day		= {04},
	month	= {February},
	year	= {2017},
    url     = {http://askubuntu.com/questions/17548/how-can-i-block-ping-requests-with-iptables}
}

@misc
{
	IPTablesListRules,
	title	= {How To List and Delete Iptables Firewall Rules},
	author	= { {DigitalOcean, Community} },
	day		= {04},
	month	= {February},
	year	= {2017},
    url     = {https://www.digitalocean.com/community/tutorials/how-to-list-and-delete-iptables-firewall-rules}
}

@misc
{
	IPTablesSPortDPort,
	title	= {Iptables Tutorial 1.2.1: 10.2. Implicit matches},
	author	= { {Oskar Andreasson} },
	day		= {04},
	month	= {February},
	year	= {2017},
    url     = {https://www.frozentux.net/iptables-tutorial/chunkyhtml/x2436.html}
}

@misc
{
	HardwareSoftware,
	title	= {Software vs Hardware Firewalls},
	author	= { {Information Security, StackExchange} },
	day		= {08},
	month	= {February},
	year	= {2017},
    url     = {http://security.stackexchange.com/questions/2286/software-vs-hardware-firewalls}
}

@misc
{
	Zen2017PacketInsp,
	title	= {Stateful vs Deep Packet Inspection},
	author	= { {Zen Internet} },
	year	= {2017},
    url     = {https://www.zen.co.uk/business/broadband/business-broadband/stateful-vs-deep-packet-inspection.aspx}
}

@misc
{
	UnivHOU2016Firewalls,
	title	= {Firewalls, intrusion prevention and VPN},
	author	= { {University of Houston} },
	year	= {2016},
    url     = {http://prtl.uhcl.edu/info-security/indepth/firewalls}
}
@misc
{
	Kovacs2016EXTRABACON,
	title	= {Firewall vendors analyze exploits leaked by shadow brokers},
	author	= { {Edward Kovacs} },
	year	= {2016},
    url     = {http://www.securityweek.com/firewall-vendors-analyze-exploits-leaked-shadow-brokers}
}

@misc
{
	FireStorm-Cynet,
	title	= {FireStorm: Severe Security Flaw Discovered in Next Generation Firewalls},
	author	= { {Cynet} },
	year	= {2015},
    url     = {https://www.cynet.com/blog-firestorm/}
}

@misc
{
	FireStorm-SCMag,
	title	= {FireStorm Vulnerability in Firewalls Let Attackers Extract Data from Internal Networks},
	author	= { {Jeremy Seth Davis} },
	year	= {2015},
    url     = {https://www.scmagazine.com/firestorm-vulnerability-in-firewalls-let-attackers-extract-data-from-internal-networks/article/533133/}
}
