@Book {Ref:Weidman,
    author = "Georgia Weidman",
    title  = "Penetration Testing - A Hands-on Introduction to Hacking",
    year   = "2014",
    pages  = "1-6"
}

@misc {Ref:Sample1,
	author	= "Julio Cesarfort",
    title	= "Kudlski Security Penetration Test Report",
    year	= "2017",
    howpublished = {\url{https://github.com/juliocesarfort/public-pentesting-reports/blob/master/KudelskiSecurity-X41/Kudelski-X41-Wire-Report-phase1-20170208.pdf}}
}

@misc {Ref:Sample2,
	author	= "Offensive Security",
    title	= "MegaCorp One Penetration Test Report",
    year	= "2013",
    howpublished = {\url{https://www.offensive-security.com/reports/sample-penetration-testing-report.pdf}}
}

@misc {Ref:Legal1,
	author	= "Mark Rasch",
    title	= "Legal Issues in Penetration Testing",
    year	= "2013",
    howpublished = {\url{http://www.securitycurrent.com/en/analysis/ac_analysis/legal-issues-in-penetration-testing}}
}

@misc {Ref:Background1,
	author	= "Infosec Institute",
    title	= "The History of Penetration Testing",
    year	= "2016",
    howpublished = {\url{http://resources.infosecinstitute.com/the-history-of-penetration-testing/}}
}

@misc {Ref:CriticalSystems,
	author	= "Ian Summerville",
    title	= "Critical Systems",
    year	= "2009",
    howpublished = {\url{https://courses.cs.washington.edu/courses/cse466/10au/pdfs/lectures/13-Critical%20Systems.pdf}}
}
